######################### computer vision refrences ######################

@article{originalcnn,
      author = {LeCun, Y. and Boser, B. and Denker, J. S. and Henderson, D. and Howard, R. E. and Hubbard, W. and Jackel, L. D.},
      title = {Backpropagation Applied to Handwritten Zip Code Recognition},
      journal = {Neural Computation},
      volume = {1},
      number = {4},
      pages = {541-551},
      year = {1989},
      doi = {10.1162/neco.1989.1.4.541},
      URL = { https://doi.org/10.1162/neco.1989.1.4.541},
      eprint = { https://doi.org/10.1162/neco.1989.1.4.541},
      abstract = { The ability of learning networks to generalize can be greatly enhanced by providing constraints from the task domain. This paper demonstrates how such constraints can be integrated into a backpropagation network through the architecture of the network. This approach has been successfully applied to the recognition of handwritten zip code digits provided by the U.S. Postal Service. A single network learns the entire recognition operation, going from the normalized image of the character to the final classification. }
}

@inproceedings{alexnet,
      author = {Krizhevsky, Alex and Sutskever, Ilya and Hinton, Geoffrey E},
      booktitle = {Advances in Neural Information Processing Systems},
      editor = {F. Pereira and C. J. C. Burges and L. Bottou and K. Q. Weinberger},
      pages = {1097--1105},
      publisher = {Curran Associates, Inc.},
      title = {ImageNet Classification with Deep Convolutional Neural Networks},
      url = {https://proceedings.neurips.cc/paper/2012/file/c399862d3b9d6b76c8436e924a68c45b-Paper.pdf},
      volume = {25},
      year = {2012}
}

@misc{vgg,
      title={Very Deep Convolutional Networks for Large-Scale Image Recognition}, 
      author={Karen Simonyan and Andrew Zisserman},
      year={2015},
      eprint={1409.1556},
      archivePrefix={arXiv},
      primaryClass={cs.CV}
}

@misc{inception,
      title={Going Deeper with Convolutions}, 
      author={Christian Szegedy and Wei Liu and Yangqing Jia and Pierre Sermanet and Scott Reed and Dragomir Anguelov and Dumitru Erhan and Vincent Vanhoucke and Andrew Rabinovich},
      year={2014},
      eprint={1409.4842},
      archivePrefix={arXiv},
      primaryClass={cs.CV}
}

@misc{inceptionv2-3,
      title={Rethinking the Inception Architecture for Computer Vision}, 
      author={Christian Szegedy and Vincent Vanhoucke and Sergey Ioffe and Jonathon Shlens and Zbigniew Wojna},
      year={2015},
      eprint={1512.00567},
      archivePrefix={arXiv},
      primaryClass={cs.CV}
}

@misc{resnet,
      title={Deep Residual Learning for Image Recognition}, 
      author={Kaiming He and Xiangyu Zhang and Shaoqing Ren and Jian Sun},
      year={2015},
      eprint={1512.03385},
      archivePrefix={arXiv},
      primaryClass={cs.CV}
}

@misc{inceptionv4,
      title={Inception-v4, Inception-ResNet and the Impact of Residual Connections on Learning}, 
      author={Christian Szegedy and Sergey Ioffe and Vincent Vanhoucke and Alex Alemi},
      year={2016},
      eprint={1602.07261},
      archivePrefix={arXiv},
      primaryClass={cs.CV}
}

@misc{wideresnet,
      title={Wide Residual Networks}, 
      author={Sergey Zagoruyko and Nikos Komodakis},
      year={2017},
      eprint={1605.07146},
      archivePrefix={arXiv},
      primaryClass={cs.CV}
}

@misc{resnext,
      title={Aggregated Residual Transformations for Deep Neural Networks}, 
      author={Saining Xie and Ross Girshick and Piotr Dollár and Zhuowen Tu and Kaiming He},
      year={2017},
      eprint={1611.05431},
      archivePrefix={arXiv},
      primaryClass={cs.CV}
}

@misc{effnet,
      title={EfficientNet: Rethinking Model Scaling for Convolutional Neural Networks}, 
      author={Mingxing Tan and Quoc V. Le},
      year={2020},
      eprint={1905.11946},
      archivePrefix={arXiv},
      primaryClass={cs.LG}
}

@misc{attention,
      title={Attention Is All You Need}, 
      author={Ashish Vaswani and Noam Shazeer and Niki Parmar and Jakob Uszkoreit and Llion Jones and Aidan N. Gomez and Lukasz Kaiser and Illia Polosukhin},
      year={2017},
      eprint={1706.03762},
      archivePrefix={arXiv},
      primaryClass={cs.CL}
}

@misc{image-attention,
      title={An Image is Worth 16x16 Words: Transformers for Image Recognition at Scale}, 
      author={Alexey Dosovitskiy and Lucas Beyer and Alexander Kolesnikov and Dirk Weissenborn and Xiaohua Zhai and Thomas Unterthiner and Mostafa Dehghani and Matthias Minderer and Georg Heigold and Sylvain Gelly and Jakob Uszkoreit and Neil Houlsby},
      year={2020},
      eprint={2010.11929},
      archivePrefix={arXiv},
      primaryClass={cs.CV}
}

######################### FER refrences ######################

@misc{emotionnet-nano,
      title={EmotionNet Nano: An Efficient Deep Convolutional Neural Network Design for Real-time Facial Expression Recognition}, 
      author={James Ren Hou Lee and Linda Wang and Alexander Wong},
      year={2020},
      eprint={2006.15759},
      archivePrefix={arXiv},
      primaryClass={cs.CV}
}

@INPROCEEDINGS {ck+,
      author = {P. Lucey and J. F. Cohn and T. Kanade and J. Saragih and Z. Ambadar and I. Matthews},
      booktitle = {2010 IEEE Computer Society Conference on Computer Vision and Pattern Recognition Workshops (CVPR Workshops)},
      title = {The Extended Cohn-Kanade Dataset (CK+): A complete dataset for action unit and emotion-specified expression},
      year = {2010},
      volume = {},
      issn = {2160-7508},
      pages = {94-101},
      keywords = {databases;gold;active appearance model;support vector machines;support vector machine classification;face detection;testing;performance evaluation;measurement;code standards},
      doi = {10.1109/CVPRW.2010.5543262},
      url = {https://doi.ieeecomputersociety.org/10.1109/CVPRW.2010.5543262},
      publisher = {IEEE Computer Society},
      address = {Los Alamitos, CA, USA},
      month = {jun}
}

@misc{fan,
      title={Frame attention networks for facial expression recognition in videos}, 
      author={Debin Meng and Xiaojiang Peng and Kai Wang and Yu Qiao},
      year={2019},
      eprint={1907.00193},
      archivePrefix={arXiv},
      primaryClass={cs.CV}
}

@inproceedings{c3d,
      author = {Fan, Yin and Lu, Xiangju and Li, Dian and Liu, Yuanliu},
      year = {2016},
      month = {11},
      pages = {},
      title = {Video-based emotion recognition using CNN-RNN and C3D hybrid networks},
      doi = {10.1145/2993148.2997632}
}

@article{lstm,
      author = {Hochreiter, Sepp and Schmidhuber, Jürgen},
      year = {1997},
      month = {12},
      pages = {1735-80},
      title = {Long Short-term Memory},
      volume = {9},
      journal = {Neural computation},
      doi = {10.1162/neco.1997.9.8.1735}
}



######################### psychology refrences ######################

@book{Darwin_book,
      author     = {Darwin, Charles},
      note       = {The original was published 1898 by Appleton, New York. Reprinted 1965 by the University of Chicago Press, Chicago and London,},
      title      = {The Expression of the Emotions in Man and Animals},
      year       = {1872},
      iso_code   = {tur},
      olac_field = {typology; general_linguistics},
      wals_code  = {tur}
}

@book{barrett2017emotions,
      title={How Emotions Are Made: The Secret Life of the Brain},
      author={Barrett, L.F.},
      isbn={9780544129962},
      lccn={2017004323},
      url={https://books.google.co.il/books?id=hN8MBgAAQBAJ},
      year={2017},
      publisher={HMH Books}
}

@inproceedings{2d_emotions_figure,
      author = {Hussain, Sazzad and AlZoubi, Omar and Calvo, Rafael and D'Mello, Sidney},
      year = {2011},
      month = {06},
      pages = {131-138},
      title = {Affect Detection from Multichannel Physiology during Learning Sessions with AutoTutor},
      isbn = {978-3-642-21868-2},
      doi = {10.1007/978-3-642-21869-9_19}
}

@inproceedings{3d_emotions_figure,
      author = {Buechel, Sven and Hahn, Udo},
      year = {2016},
      month = {08},
      pages = {},
      title = {Emotion Analysis as a Regression Problem — Dimensional Models and Their Implications on Emotion Representation and Metrical Evaluation},
      doi = {10.3233/978-1-61499-672-9-1114}
}

@Book{APA_Dictionary,
    publisher = {American Psychological Association},
    title = {{APA dictionary}},
    year = {2020},
}

@Book{MW-Dictionary,
    publisher = {Merriam Webster},
    title = {{MW dictionary}},
    year = {2020},
}

@article{human_computer_interaction,
      author = {Brave, Scott and Nass, Clifford},
      year = {2002},
      month = {01},
      pages = {},
      title = {Emotion in Human–Computer Interaction},
      isbn = {978-1-4200-8881-6},
      journal = {The Human-Computer Interaction Handbook: Fundamentals, Evolving Technologies and Emerging Applications},
      doi = {10.1201/b10368-6}
}

@article{VAD_model,
      author = {Russell, James and Mehrabian, Albert},
      year = {1977},
      month = {09},
      pages = {273-294},
      title = {Evidence for a Three-Factor Theory of Emotions},
      volume = {11},
      journal = {Journal of Research in Personality},
      doi = {10.1016/0092-6566(77)90037-X}
}

@article{VA_model,
      author = { Lisa Feldman   Barrett },
      title = {Discrete Emotions or Dimensions? The Role of Valence Focus and Arousal Focus},
      journal = {Cognition and Emotion},
      volume = {12},
      number = {4},
      pages = {579-599},
      year  = {1998},
      publisher = {Routledge},
      doi = {10.1080/026999398379574},
      URL = {https://doi.org/10.1080/026999398379574},
      eprint = {https://doi.org/10.1080/026999398379574}
}

@article{Ekman_Theory,
	author = { Paul   Ekman },
	title = {An argument for basic emotions},
	journal = {Cognition and Emotion},
	volume = {6},
	number = {3-4},
	pages = {169-200},
	year  = {1992},
	publisher = {Routledge},
	doi = {10.1080/02699939208411068},
	URL = {https://doi.org/10.1080/02699939208411068},
	eprint = {https://doi.org/10.1080/02699939208411068}
}

@article{WG-Theory,
      author = {Graham, Sandra and Weiner, Bernard},
      year = {1986},
      month = {06},
      pages = {152-179},
      title = {From an Attributional Theory of Emotion to Developmental Psychology: A Round-Trip Ticket?},
      volume = {4},
      journal = {Social Cognition},
      doi = {10.1521/soco.1986.4.2.152}
}

######################### psychology refrences ######################

@book{affective_computing_book,
  title={Affective Computing},
  author={Picard, R.W.},
  isbn={9780262661157},
  lccn={97033285},
  series={Inteligencia artificial},
  url={https://books.google.co.il/books?id=GaVncRTcb1gC},
  year={2000},
  publisher={MIT Press}
}

@online{AutoEmotive,
  author = {{Hernandez J., McDuff D., Benavides X., Amores J., Maes P., and Picard R. W.}},
  title = {AutoEmotive: Bringing Empathy to the Driving Experience to Manage Stress},
  year = 2014,
  url = {https://www.media.mit.edu/publications/autoemotive-bringing-empathy-to-the-driving-experience-to-manage-stress},
  urldate = {2014-06-21}
}

######################### classical ml refrences ######################

@article{machine_learning_classification_algorithms,
      author = {Kotsiantis, Sotiris},
      year = {2007},
      month = {10},
      pages = {},
      title = {Supervised Machine Learning: A Review of Classification Techniques},
      volume = {31},
      journal = {Informatica (Ljubljana)}
}